<record><leader>00000cas a22000007a 4500</leader><controlfield tag="001">22194923</controlfield><controlfield tag="008">900808d19681969mauwr ne      0    0eng d</controlfield><datafield ind1=" " ind2=" " tag="010"><subfield code="a">sn 89063294 </subfield></datafield><datafield ind1=" " ind2=" " tag="040"><subfield code="a">MGN</subfield><subfield code="b">eng</subfield><subfield code="c">MGN</subfield><subfield code="d">OCLCQ</subfield></datafield><datafield ind1=" " ind2=" " tag="042"><subfield code="a">msc</subfield></datafield><datafield ind1="0" ind2="0" tag="245"><subfield code="a">Natick suburban press and recorder.</subfield></datafield><datafield ind1=" " ind2=" " tag="260"><subfield code="a">Natick, Mass. :</subfield><subfield code="b">Suburban World Inc.</subfield></datafield><datafield ind1=" " ind2=" " tag="300"><subfield code="a">v.</subfield></datafield><datafield ind1=" " ind2=" " tag="310"><subfield code="a">Weekly</subfield></datafield><datafield ind1="0" ind2=" " tag="362"><subfield code="a">Vol. 39, no. 39 (Sept. 19, 1968)-v. 40, no. 21 (May 29, 1969).</subfield></datafield><datafield ind1=" " ind2=" " tag="752"><subfield code="a">United States</subfield><subfield code="b">Massachusetts</subfield><subfield code="c">Middlesex</subfield><subfield code="d">Natick.</subfield></datafield><datafield ind1="0" ind2="0" tag="780"><subfield code="t">Suburban press and recorder</subfield><subfield code="w">(DLC)sn 89063293</subfield></datafield><datafield ind1="0" ind2="0" tag="785"><subfield code="t">Natick suburban press</subfield><subfield code="w">(DLC)sn 89063300</subfield></datafield></record>